@article{baker2019power,
  title={Power contours: optimising sample size and precision in experimental psychology and human neuroscience},
  author={Baker, Daniel H and Vilidaite, Greta and Lygo, Freya A and Smith, Anika K and Flack, Tessa R and Gouws, Andre D and Andrews, Timothy J},
  journal={arXiv preprint arXiv:1902.06122},
  year={2019}
}

@article{bezeau2001statistical,
  title={Statistical power and effect sizes of clinical neuropsychology research},
  author={Bezeau, Scott and Graves, Roger},
  journal={Journal of Clinical and Experimental Neuropsychology},
  volume={23},
  number={3},
  pages={399--406},
  year={2001},
  publisher={Taylor \& Francis}
}


@article{bogacz2006physics,
  title={The physics of optimal decision making: a formal analysis of models of performance in two-alternative forced-choice tasks.},
  author={Bogacz, Rafal and Brown, Eric and Moehlis, Jeff and Holmes, Philip and Cohen, Jonathan D},
  journal={Psychological review},
  volume={113},
  number={4},
  pages={700--765},
  year={2006},
  publisher={American Psychological Association}
}

@article{brown2008simplest,
  title={The simplest complete model of choice response time: Linear ballistic accumulation},
  author={Brown, Scott D and Heathcote, Andrew},
  journal={Cognitive psychology},
  volume={57},
  number={3},
  pages={153--178},
  year={2008},
  publisher={Elsevier}
}


@article{bruyer2011combining,
  title={Combining speed and accuracy in cognitive psychology: is the inverse efficiency score (IES) a better dependent variable than the mean reaction time (RT) and the percentage of errors (PE)?},
  author={Bruyer, Raymond and Brysbaert, Marc},
  journal={Psychologica Belgica},
  volume={51},
  number={1},
  pages={5--13},
  year={2011}
}

@article{button2013power,
  title={Power failure: why small sample size undermines the reliability of neuroscience},
  author={Button, Katherine S and Ioannidis, John PA and Mokrysz, Claire and Nosek, Brian A and Flint, Jonathan and Robinson, Emma SJ and Munaf{\`o}, Marcus R},
  journal={Nature Reviews Neuroscience},
  volume={14},
  number={5},
  pages={365--376},
  year={2013},
  publisher={Nature Publishing Group}
}

@article{cohen1962statistical,
  title={The statistical power of abnormal-social psychological research: a review.},
  author={Cohen, Jacob},
  journal={The Journal of Abnormal and Social Psychology},
  volume={65},
  number={3},
  pages={145--153},
  year={1962},
  publisher={American Psychological Association}
}


@article{davidson2013modeling,
  title={Modeling accuracy as a function of response time with the generalized linear mixed effects model},
  author={Davidson, DJ and Martin, Andrea E},
  journal={Acta psychologica},
  volume={144},
  number={1},
  pages={83--96},
  year={2013},
  publisher={Elsevier}
}

@article{dutilh2016quality,
  title={The quality of response time data inference: A blinded, collaborative assessment of the validity of cognitive models},
  author={Dutilh, Gilles and Annis, Jeffrey and Brown, Scott D and Cassey, Peter and Evans, Nathan J and Grasman, Raoul PPP and Hawkins, Guy E and Heathcote, Andrew and Holmes, William R and Krypotos, Angelos-Miltiadis and others},
  journal={Psychonomic bulletin \& review},
  pages={1--19},
  year={2016},
  publisher={Springer}
}

@article{fitts1966cognitive,
  title={Cognitive aspects of information processing: III. Set for speed versus accuracy.},
  author={Fitts, Paul M},
  journal={Journal of experimental psychology},
  volume={71},
  number={6},
  pages={849--57},
  year={1966},
  publisher={American Psychological Association}
}

@article{forstmann2016sequential,
  title={Sequential sampling models in cognitive neuroscience: Advantages, applications, and extensions},
  author={Forstmann, Birte U and Ratcliff, Roger and Wagenmakers, E-J},
  journal={Annual review of psychology},
  volume={67},
  pages={641--666},
  year={2016},
  publisher={Annual Reviews}
}


@article{geuter2018effect,
  title={Effect Size and Power in fMRI Group Analysis},
  author={Geuter, Stephan and Qi, Guanghao and Welsh, Robert C and Wager, Tor D and Lindquist, Martin A},
  journal={bioRxiv},
  pages={295048},
  year={2018},
  publisher={Cold Spring Harbor Laboratory}
}

@article{gold2001neural,
  title={Neural computations that underlie decisions about sensory stimuli},
  author={Gold, Joshua I and Shadlen, Michael N},
  journal={Trends in cognitive sciences},
  volume={5},
  number={1},
  pages={10--16},
  year={2001},
  publisher={Elsevier}
}

@article{gold2002banburismus,
  title={Banburismus and the brain: decoding the relationship between sensory stimuli, decisions, and reward},
  author={Gold, Joshua I and Shadlen, Michael N},
  journal={Neuron},
  volume={36},
  number={2},
  pages={299--308},
  year={2002},
  publisher={Elsevier}
}

@article{hedgelow,
  title={Low and variable correlation between reaction time costs and accuracy costs explained by accumulation models: meta-analysis and simulations},
  author={Hedge, Craig and Powell, Georgina and Bompas, Aline and Vivian-Griffiths, Solveiga and Sumner, Petroc},
  journal={Psychological Bulletin},
  year={in press}
}

@article{hedge2018mapping,
  title={The mapping between transformed reaction time costs and models of processing in aging and cognition.},
  author={Hedge, Craig and Powell, Georgina and Sumner, Petroc},
  journal={Psychology and aging},
  volume={33},
  number={7},
  pages={1093},
  year={2018},
  publisher={American Psychological Association}
}


@article{heitz2014speed,
  title={The speed-accuracy tradeoff: history, physiology, methodology, and behavior},
  author={Heitz, Richard P},
  journal={Frontiers in neuroscience},
  volume={8},
  pages={150},
  year={2014},
  publisher={Frontiers}
}

@book{green1966signal,
  title={Signal Detection Theory and Psychophysics},
  author={Green, D.M., Swets J.A.},
  year={1966},
  publisher={Wiley},
  city={New York}
}


@article{ioannidis2005most,
  title={Why most published research findings are false},
  author={Ioannidis, John PA},
  journal={PLoS medicine},
  volume={2},
  number={8},
  pages={e124},
  year={2005},
  publisher={Public Library of Science}
}

@article{jones2014unfalsifiability,
  title={Unfalsifiability and mutual translatability of major modeling schemes for choice reaction time.},
  author={Jones, Matt and Dzhafarov, Ehtibar N},
  journal={Psychological review},
  volume={121},
  number={1},
  pages={1--32},
  year={2014},
  publisher={American Psychological Association}
}

@misc{krystalli2019,
author = {Krystalli, Anna and Stafford, Tom},
title = {Interactive web application accompanying paper 'Quantifying the benefits of using decision models with response time and accuracy data' DOI 10.15131/shef.data.8109161},
month = May,
year = {2019},
howpublished={\url{https://figshare.shef.ac.uk/s/11f65856db28308644a4}}
}

  
@article{lerche2016model,
  title={Model complexity in diffusion modeling: Benefits of making the model more parsimonious},
  author={Lerche, Veronika and Voss, Andreas},
  journal={Frontiers in psychology},
  volume={7},
  pages={1324},
  year={2016},
  publisher={Frontiers}
}


@misc{lovakov_agadullina_2017,
 title={Empirically Derived Guidelines for Interpreting Effect Size in Social Psychology},
 url={psyarxiv.com/2epc4},
 DOI={10.17605/OSF.IO/2EPC4},
 publisher={PsyArXiv},
 author={Lovakov, Andrey and Agadullina, Elena},
 year={2017},
 month={Nov}
}

@article{maxwell2004persistence,
  title={The persistence of underpowered studies in psychological research: causes, consequences, and remedies.},
  author={Maxwell, Scott E},
  journal={Psychological methods},
  volume={9},
  number={2},
  pages={147},
  year={2004},
  publisher={American Psychological Association}
}


@article{open2015estimating,
  title={Estimating the reproducibility of psychological science},
  author={{Open Science Collaboration}},
  journal={Science},
  volume={349},
  number={6251},
  pages={aac4716},
  year={2015},
  publisher={American Association for the Advancement of Science}
}


@article{oppenheim2017blind,
  title={A blind spot in correct naming latency analyses},
  author={Oppenheim, Gary M},
  journal={Cognitive neuropsychology},
  volume={34},
  number={1-2},
  pages={33--41},
  year={2017},
  publisher={Taylor \& Francis}
}


@article{palmer2005effect,
  title={The effect of stimulus strength on the speed and accuracy of a perceptual decision},
  author={Palmer, John and Huk, Alexander C and Shadlen, Michael N},
  journal={Journal of vision},
  volume={5},
  number={5},
  pages={1--1},
  year={2005},
  publisher={The Association for Research in Vision and Ophthalmology}
}

@article{park2015approximate,
  title={The Approximate Number System acuity redefined: a diffusion model approach},
  author={Park, Joonkoo and Starns, Jeffrey J},
  journal={Frontiers in psychology},
  volume={6},
  pages={1955},
  year={2015},
  publisher={Frontiers}
}

@article{pashler2012editors,
  title={Editorsâ€™ introduction to the special section on replicability in psychological science: A crisis of confidence?},
  author={Pashler, Harold and Wagenmakers, Eric--Jan},
  journal={Perspectives on Psychological Science},
  volume={7},
  number={6},
  pages={528--530},
  year={2012},
  publisher={Sage Publications Sage CA: Los Angeles, CA}
}

@article{pirrone2014natural,
  title={When natural selection should optimize speed-accuracy trade-offs},
  author={Pirrone, Angelo and Stafford, Tom and Marshall, James AR},
  journal={Frontiers in neuroscience},
  volume={8},
  pages={73},
  year={2014},
  publisher={Frontiers}
}

@article{pirrone2017understanding,
  title={Understanding perceptual judgment in autism spectrum disorder using the drift diffusion model.},
  author={Pirrone, Angelo and Dickinson, Abigail and Gomez, Rosanna and Stafford, Tom and Milne, Elizabeth},
  journal={Neuropsychology},
  volume={31},
  number={2},
  pages={173--180},
  year={2017},
  publisher={US: American Psychological Association}
}


@article{pirrone2018evidence,
  title={Evidence for the speed--value trade-off: Human and monkey decision making is magnitude sensitive.},
  author={Pirrone, Angelo and Azab, Habiba and Hayden, Benjamin Y and Stafford, Tom and Marshall, James AR},
  year={2018},
  journal={Decision},
  volume={5},
  issue={2},
  pages={129--142}
}


@article{ratcliff1978theory,
  title={A theory of memory retrieval.},
  author={Ratcliff, Roger},
  journal={Psychological review},
  volume={85},
  number={2},
  pages={59--108},
  year={1978},
  publisher={American Psychological Association}
}

@article{ratcliff1998modeling,
  title={Modeling response times for two-choice decisions},
  author={Ratcliff, Roger and Rouder, Jeffrey N},
  journal={Psychological Science},
  volume={9},
  number={5},
  pages={347--356},
  year={1998},
  publisher={SAGE Publications Sage CA: Los Angeles, CA}
}

@article{ratcliff2006aging,
  title={Aging and individual differences in rapid two-choice decisions},
  author={Ratcliff, Roger and Thapar, Anjali and McKoon, Gail},
  journal={Psychonomic bulletin \& review},
  volume={13},
  number={4},
  pages={626--635},
  year={2006},
  publisher={Springer}
}


@article{ratcliff2008diffusion,
  title={The diffusion decision model: theory and data for two-choice decision tasks},
  author={Ratcliff, Roger and McKoon, Gail},
  journal={Neural computation},
  volume={20},
  number={4},
  pages={873--922},
  year={2008},
  publisher={MIT Press}
}

@article{ratcliff2015modeling,
  title={Modeling regularities in response time and accuracy data with the diffusion model},
  author={Ratcliff, Roger and Smith, Philip L and McKoon, Gail},
  journal={Current directions in psychological science},
  volume={24},
  number={6},
  pages={458--470},
  year={2015},
  publisher={Sage Publications Sage CA: Los Angeles, CA}
}

@article{ratcliff2016diffusion,
  title={Diffusion decision model: Current issues and history},
  author={Ratcliff, Roger and Smith, Philip L and Brown, Scott D and McKoon, Gail},
  journal={Trends in cognitive sciences},
  volume={20},
  number={4},
  pages={260--281},
  year={2016},
  publisher={Elsevier}
}


@article{van2017ez,
  title={The EZ diffusion model provides a powerful test of simple empirical effects},
  author={van Ravenzwaaij, Don and Donkin, Chris and Vandekerckhove, Joachim},
  journal={Psychonomic Bulletin \& Review},
  volume={24},
  number={2},
  pages={547--556},
  year={2017},
  publisher={Springer}
}


@article{white2010using,
  title={Using diffusion models to understand clinical disorders},
  author={White, Corey N and Ratcliff, Roger and Vasey, Michael W and McKoon, Gail},
  journal={Journal of Mathematical Psychology},
  volume={54},
  number={1},
  pages={39--52},
  year={2010},
  publisher={Elsevier}
}

@article{ratcliff2015individual,
  title={Individual differences and fitting methods for the two-choice diffusion model of decision making.},
  author={Ratcliff, Roger and Childers, Russ},
  journal={Decision},
  volume={2},
  number={4},
  pages={237},
  year={2015},
  publisher={US: Educational Publishing Foundation}
}

@article{sedlmeier1989studies,
  title={Do studies of statistical power have an effect on the power of studies?},
  author={Sedlmeier, Peter and Gigerenzer, Gerd},
  journal={Psychological bulletin},
  volume={105},
  number={2},
  pages={309--316},
  year={1989},
  publisher={American Psychological Association}
}


@article{seli2013enhancing,
  title={Enhancing SART validity by statistically controlling speed-accuracy trade-offs},
  author={Seli, Paul and Jonker, Tanya R and Cheyne, James Allan and Smilek, Daniel},
  journal={Frontiers in psychology},
  volume={4},
  pages={265},
  year={2013},
  publisher={Frontiers}
}

@article{silberzahn2017many,
  title={Many analysts, one dataset: Making transparent how variations in analytical choices affect results},
  author={Silberzahn, Raphael and Uhlmann, Eric Luis and Martin, Dan and Anselmi, Pasquale and Aust, Frederik and Awtrey, Eli C and Bahn{\'\i}k, {\v{S}}t{\v{e}}p{\'a}n and Bai, Feng and Bannard, Colin and Bonnier, Evelina and others},
  year={2017},
  publisher={PsyArXiv}
}

@article{simmons2011false,
  title={False-positive psychology: Undisclosed flexibility in data collection and analysis allows presenting anything as significant},
  author={Simmons, Joseph P and Nelson, Leif D and Simonsohn, Uri},
  journal={Psychological science},
  volume={22},
  number={11},
  pages={1359--1366},
  year={2011},
  publisher={Sage Publications Sage CA: Los Angeles, CA}
}



@article{smith2004psychology,
  title={Psychology and neurobiology of simple decisions},
  author={Smith, Philip L and Ratcliff, Roger},
  journal={Trends in neurosciences},
  volume={27},
  number={3},
  pages={161--168},
  year={2004},
  publisher={Elsevier}
}





@article{stafford2011pieron,
  title={Pi{\'e}ron's law holds during Stroop conflict: insights into the architecture of decision making},
  author={Stafford, Tom and Ingram, Leanne and Gurney, Kevin N},
  journal={Cognitive science},
  volume={35},
  number={8},
  pages={1553--1566},
  year={2011},
  publisher={Wiley Online Library}
}

@techreport{stanleymeta,
  title={What Meta-Analyses Reveal about the Replicability of Psychological Research},
  author={Stanley, TD and Carter, Evan C and Doucouliagos, Hristos},
  year={2017},
  institution={Working paper, Deakin Laboratory for the Meta-Analysis of Research},
  url={http://www.deakin.edu.au/__data/assets/pdf_file/0007/1198456/WhatMeta-AnalysesReveal_WP.pdf}
}


    title = {{Mobile Systems IV}},
     author = {Burkhard Stiller and Thomas Bocek and Fabio Hecht and Guilherme Machado and Peter Racz and Martin Waldburger},
     group = {csg},
     year = {2010},
     institution = {University of Zurich, Department of Informatics},
     month = {01},
     Date-Added = {2010-01-11 10:05:52},
     Date-Modified = {2010-07-22 12:08:45}

@article{stone2014using,
  title={Using reaction times and binary responses to estimate psychophysical performance: an information theoretic analysis},
  author={Stone, James V},
  journal={Frontiers in neuroscience},
  volume={8},
  pages={35},
  year={2014},
  publisher={Frontiers}
}

@article{szucs2017empirical,
  title={Empirical assessment of published effect sizes and power in the recent cognitive neuroscience and psychology literature},
  author={Szucs, Denes and Ioannidis, John PA},
  journal={PLoS biology},
  volume={15},
  number={3},
  pages={e2000797},
  year={2017},
  publisher={Public Library of Science}
}

@article{teodorescu2016absolutely,
  title={Absolutely relative or relatively absolute: violations of value invariance in human decision making},
  author={Teodorescu, Andrei R and Moran, Rani and Usher, Marius},
  journal={Psychonomic bulletin \& review},
  volume={23},
  number={1},
  pages={22--38},
  year={2016},
  publisher={Springer}
}


@book{townsend1983stochastic,
  title={Stochastic modeling of elementary psychological processes},
  author={Townsend, James T and Ashby, F Gregory},
  year={1983},
  publisher={CUP Archive}
}

@article{usher2001time,
  title={The time course of perceptual choice: the leaky, competing accumulator model.},
  author={Usher, Marius and McClelland, James L},
  journal={Psychological review},
  volume={108},
  number={3},
  pages={550},
  year={2001},
  publisher={American Psychological Association}
}


@article{vandierendonck2017comparison,
  title={A comparison of methods to combine speed and accuracy measures of performance: A rejoinder on the binning procedure},
  author={Vandierendonck, Andr{\'e}},
  journal={Behavior research methods},
  volume={49},
  number={2},
  pages={653--673},
  year={2017},
  publisher={Springer}
}



@article{voss2007fast,
  title={Fast-dm: A free program for efficient diffusion model analysis},
  author={Voss, Andreas and Voss, Jochen},
  journal={Behavior Research Methods},
  volume={39},
  number={4},
  pages={767--775},
  year={2007},
  publisher={Springer}
}

@article{voss2013diffusion,
  title={Diffusion models in experimental psychology: A practical introduction.},
  author={Voss, Andreas and Nagler, Markus and Lerche, Veronika},
  journal={Experimental psychology},
  volume={60},
  number={6},
  pages={385},
  year={2013},
  publisher={Hogrefe Publishing}
}

@article{wagenmakers2007ez,
  title={An EZ-diffusion model for response time and accuracy},
  author={Wagenmakers, Eric-Jan and Van Der Maas, Han LJ and Grasman, Raoul PPP},
  journal={Psychonomic bulletin \& review},
  volume={14},
  number={1},
  pages={3--22},
  year={2007},
  publisher={Springer}
}


@article{white2018testing,
  title={Testing the validity of conflict drift-diffusion models for use in estimating cognitive processes: A parameter-recovery study},
  author={White, Corey N and Servant, Mathieu and Logan, Gordon D},
  journal={Psychonomic bulletin \& review},
  volume={25},
  number={1},
  pages={286--301},
  year={2018},
  publisher={Springer}
}


@article{wickelgren1977speed,
  title={Speed-accuracy tradeoff and information processing dynamics},
  author={Wickelgren, Wayne A},
  journal={Acta psychologica},
  volume={41},
  number={1},
  pages={67--85},
  year={1977},
  publisher={Elsevier}
}


@article{wiecki2013hddm,
  title={HDDM: hierarchical bayesian estimation of the drift-diffusion model in python},
  author={Wiecki, Thomas V and Sofer, Imri and Frank, Michael J},
  journal={Frontiers in neuroinformatics},
  volume={7},
  pages={14},
  year={2013},
  publisher={Frontiers}
}

@misc{yates_stafford_2018,
 title={'Cognitive strategy' in visual search: how it works and when it generalises},
 url={psyarxiv.com/5dup8},
 DOI={10.17605/OSF.IO/5DUP8},
 publisher={PsyArXiv},
 author={Yates, David and Stafford, Tom},
 year={2018},
 month={Jun}
}

@article{zhang2014dissociable,
  title={Dissociable mechanisms of speed-accuracy tradeoff during visual perceptual learning are revealed by a hierarchical drift-diffusion model},
  author={Zhang, Jiaxiang and Rowe, James B},
  journal={Frontiers in Neuroscience},
  volume={8},
  pages={69},
  year={2014},
  publisher={Frontiers}
}
